@String{pts = {The Pali Text Society}}
@String{oup = {Oxford University Press}}
@String{cup = {Cambridge University Press}}
% General Notes
%==============
% biblatex field substitution
% location = address
@book{buddhadatta:aids,
	author = {A. P. Buddhadatta},
	title = {Aids to Pali Conversation and Translation},
	publisher = {P.M.W. Piyaratna, Ambalangoda},
	year = {1951?},
}
@book{warder:intro,
	author = {A. K. Warder},
	title = {Introduction to Pali},
	edition = {3},
	publisher = pts,
	address = {Oxford},
	year = {2001},
}
@book{perniola:grammar,
	author = {Vito Perniola},
	title = {Pali Grammar},
	publisher = pts,
	address = {Oxford},
	year = {1997},
}
@incollection{cardonajain:intro,
	author = {George Cardona and Dhanesh Jain},
	title = {General Introduction},
	pages = {1--51},
	crossref = {cardonajain:indo},
}
@incollection{oberlies:asokan,
	author = {Thomas Oberlies},
	title = {A\'sokan {P}r\=akrit and {P}\=ali},
	pages = {179--224},
	crossref = {cardonajain:indo},
}
%% biblatex uses collection
@collection{cardonajain:indo,
	editor = {George Cardona and Dhanesh Jain},
	title = {The Indo-Aryan Languages},
	booktitle = {The Indo-Aryan Languages},
	publisher = {Routledge},
	address = {London and New York},
	year = {2014},
}
@book{buddhaghosa:visud,
	author = {Buddhaghosa},
	title = {The Path of Purification (Visuddhimagga)},
	translator = {Bhikkhu \~N\=anamoli},
	publisher = {Buddhist Publication Society},
	address = {Kandy, Sri Lanka},
	year = {2010},
}
@book{thanissaro:code,
	author = {{\d T}h\=anissaro, Bhikkhu},
	title = {The {B}uddhist Monastic Code {I} \& {II}},
	publisher = {Metta Forest Monastery},
	address = {Valley Center, CA},
	year = {2013},
	url = {https://www.dhammatalks.org/ebook_index.html},
	urldate = {2023-06-03},
}
@book{norman:literature,
	author = {K. R. Norman},
	title = {{P}\=ali Literature},
	publisher = {Otto Harrassowitz},
	address = {Wiesbaden},
	year = {1983},
}
@book{rhys:vinaya3,
	translator = {T. W. Rhys Davids and Oldenberg, Hermann},
	title = {{V}inaya Texts {III}},
	publisher = {The Clarendon Press},
	address = {Oxford},
	year = {1885},
}
@book{childers:dict,
	author = {Robert C. Childers},
	title = {A Dictionary of the {P}ali Language},
	publisher = {Tr\"ubner \& Co.},
	address = {London},
	year = {1875},
}
@book{horner:discipline,
	translator = {I. B. Horner},
	title = {The Book of the Discipline},
	publisher = {SuttaCentral},
	year = {2014},
	url = {https://github.com/suttacentral/legacy-books},
	urldate = {2023-06-03},
}
@book{oldenberg:vinaya1,
	author = {Hermann Oldenberg},
	title = {The Vinaya Pi\d taka\d m, Vol. 1: The Mah\=avagga},
	publisher = {Williams and Norgate},
	address = {London},
	year = {1879},
}
@book{geiger:literature,
	author = {Wilhelm Geiger},
	translator = {Batakrishna Ghosh},
	title = {{P}\=ali Literature and Language},
	edition = {2},
	publisher = {Oriental Books Reprint},
	address = {Delhi},
	year = {1968},
}
@book{geiger:grammar,
	author = {Wilhelm Geiger},
	translator = {Batakrishna Ghosh},
	title = {A {P}\=ali Grammar},
	publisher = pts,
	address = {Oxford},
	year = {2005},
}
@book{hinuber:literature,
	author = {Oskar {von Hin\"uber}},
	title = {A Handbook of {P}\=ali Literature},
	publisher = {Walter de Gruyter},
	address = {Berlin},
	year = {1996},
}
@book{payutto:canon,
	author = {P. A. Payutto},
	translator = {Somseen Chanawangsa},
	title = {The {P}ali Canon},
	subtitle = {What a Buddhist Must Know},
	publisher = {Wat Nyanavesakavan},
	year = {2004},
	url = {https://www.watnyanaves.net/th/book_detail/524},
	urldate = {2023-06-03},
}
@book{gombrich:how,
	author = {Richard F. Gombrich},
	title = {How {B}uddhism Began},
	subtitle = {The Conditioned Genesis of the Early Teachings},
	edition = {2},
	publisher = {Routledge},
	address = {Oxon},
	year = {2006},
}
@book{gombrich:what,
	author = {Richard F. Gombrich},
	title = {What the {B}uddha Thought},
	publisher = {Equinox},
	address = {London},
	year = {2009},
}
@book{foster:memory,
	author = {Jonathan K. Foster},
	title = {Memory},
	subtitle = {A Very Short Introduction},
	publisher = oup,
	address = {New York},
	year = {2009},
}
@book{collins:nirvana,
	author = {Steven Collins},
	title = {Nirvana and Other Buddhist Facilities},
	subtitle = {Utopias of the Pali Imaginaire},
	publisher = cup,
	address = {Cambridge},
	year = {1998},
}
@book{ashcroft:postcolonial,
	author = {Bill Ashcroft and Gareth Griffiths and Helen Tiffin},
	title = {Postcolonial Studies: The Key Concepts},
	edition = {3},
	publisher = {Routledge},
	address = {London},
	year = {2013},
}
@incollection{ennis:critical,
	author = {Robert H. Ennis},
	title = {Critical Thinking},
	subtitle = {A Streamlined Conception},
	pages = {31--47},
	crossref = {daviesbarnett:critical},
}
@book{daviesbarnett:critical,
	editor = {Martin Davies and Ronald Barnett},
	title = {The Palgrave Handbook of Critical Thinking in Higher Education},
	booktitle = {The Palgrave Handbook of Critical Thinking in Higher Education},
	publisher = {Palgrave Macmillan},
	address = {New York},
	year = {2015},
}
@book{fairbairn:understanding,
	author = {Donald Fairbairn},
	title = {Understanding Language},
	subtitle = {A Guide for Beginning Students of Greek \& Latin},
	publisher = {The Catholic University of America Press},
	address = {Washington, D.C.},
	year = {2011},
}
@book{brownmiller:dict,
	author = {Keith Brown and Jim Miller},
	title = {The Cambridge Dictionary of Linguistics},
	publisher = cup,
	address = {Cambridge},
	year = {2013},
}
@book{collins:grammar,
	author = {Steven Collins},
	title = {Pali Grammar for Students},
	publisher = {Silkworm Books},
	address = {Chiang Mai, Thailand},
	year = {2005},
}
@book{tilbe:grammar,
	author = {H. H. Tilbe},
	title = {Pali Grammar},
	publisher = {American Baptist Mission Press},
	address = {Yangon, Myanmar},
	year = {1899},
}
@book{fromkin:language,
	author = {Victoria Fromkin and Robert Rodman and Nina Hyams},
	title = {An Introduction to Language},
	edition = {10},
	publisher = {Wads\-worth},
	address = {Boston, MA},
	year = {2014},
}
@book{bodhiprasiddhinand:order,
	author = {Pathompong Bodhiprasiddhinand},
	title = {Word Order in Early Pali Prose Texts},
	publisher = {\~N\=a\d nasa\d mvara Centre for Buddhist Studies},
	address = {Nakhornpathom, Thailand},
	year = {2016},
}
@book{rhys:ptsd,
	editor = {T. W. Rhys Davids and William Stede},
	title = {The Pali Text Society's Pali-English Dictionary},
	publisher = pts,
	address = {London},
	year = {1921--25},
}
@book{cone:dict1,
	author = {Margaret Cone},
	title = {A Dictionary of P\=ali: Part I a--kh},
	publisher = pts,
	address = {Oxford},
	year = {2001},
}
@book{cone:dict2,
	author = {Margaret Cone},
	title = {A Dictionary of P\=ali: Part II g--n},
	publisher = pts,
	address = {Bristol},
	year = {2010},
}
@book{janak:sikkha,
	author = {{Janak\=abhiva\d msa}},
	translator = {Nandasir\=i},
	title = {P\=a\d lisikkh\=a and Saddasa\.nkhepa},
	publisher = {Wat Thamao},
	address = {Lampang, Thailand},
	year = {2019},
	language = {Thai},
}
@book{smith:sadd1,
	author = {Helmer Smith},
	title = {Saddan\=iti I, Padam\=al\=a},
	publisher = {C.W.K. Gleerup},
	address = {Lund},
	year = {1928},
	url = {https://archive.org/details/SaddanitiAggavamsasPaliGrammar01},
	urldate = {2020-07-24},
}
@book{smith:sadd2,
	author = {Helmer Smith},
	title = {Saddan\=iti II, Dh\=atum\=al\=a},
	publisher = {C.W.K. Gleerup},
	address = {Lund},
	year = {1929},
	url = {https://archive.org/details/SaddanitiAggavamsasPaliGrammar02},
	urldate = {2020-07-24},
}
@book{smith:sadd3,
	author = {Helmer Smith},
	title = {Saddan\=iti III, Suttam\=al\=a},
	publisher = {C.W.K. Gleerup},
	address = {Lund},
	year = {1930},
	url = {https://archive.org/details/SaddanitiAggavamsasPaliGrammar03},
	urldate = {2020-07-24},
}
@book{eastwood:guide,
	author = {John Eastwood},
	title = {Oxford Guide to {E}nglish Grammar},
	publisher = oup,
	address = {Oxford},
	year = {1994},
}
@book{bodhi:connected,
	translator = {Bhikkhu Bodhi},
	title = {The Connected Discourses of the {B}uddha},
	subtitle = {A Translation of the {S}a\d myutta {N}ik\=aya},
	publisher = {Wisdom Publications},
	address = {Boston},
	year = {2000},
}
@book{supaphan:pali,
	author = {Supaphan {Na Bangchang}},
	title = {Vaiyakorn Pali},
	publisher = {Mah\=amakuta R\=ajavidy\=alaya},
	address = {Bangkok},
	year = {1995},
	language = {Thai},
}
@book{whitney:grammar,
	author = {William D. Whitney},
	title = {A {S}anskrit Grammar},
	edition = {3},
	publisher = {Breitkopf \& H\"artel},
	address = {Leipzig},
	year = {1896},
}
@book{williams:grammar,
	author = {Monier Williams},
	title = {A Practical Grammar of the {S}anskrit Language},
	edition = {4},
	publisher = {The Clarendon Press},
	address = {Oxford},
	year = {1877},
}
@book{ruppel:sanskrit,
	author = {A. M. Ruppel},
	title = {The {C}ambridge Introduction to {S}anskrit},
	publisher = cup,
	address = {Cambridge},
	year = {2017},
}
@book{dalwis:kach,
	author = {James d'Alwis},
	title = {An Introduction to {K}achch\=ayana's Grammar of the P\=ali Language},
	publisher = {Williams and Norgate},
	address = {Colombo},
	year = {1863},
}
@book{law:history,
	author = {Bimala Churn Law},
	title = {A History of {P}\=ali Literature},
	publisher = {Indica Books},
	address = {Vara\-nasi},
	origdate = {1933},
	year = {2000},
}
@book{hamilton:indian,
	author = {Sue Hamilton},
	title = {Indian Philosophy},
	subtitle = {A Very Short Introduction},
	publisher = oup,
	address = {Oxford},
	year = {2001},
}
@book{pinker:stuff,
	author = {Steven Pinker},
	title = {The Stuff of Thought},
	subtitle = {Language as a Window into Human Nature},
	publisher = {Viking},
	address = {New York},
	year = {2007},
}

